
@article{almira_yet_2007,
	title = {Yet another application of the {Gauss}-{Bonnet} {Theorem} for the sphere},
	volume = {14},
	issn = {1370-1444},
	number = {2},
	urldate = {2022-11-02},
	journal = {Bulletin of the Belgian Mathematical Society - Simon Stevin},
	author = {Almira, J. M. and Romero, A.},
	month = jun,
	year = {2007},
}



@book{grinfeld_introduction_2013,
	address = {New York, NY},
	title = {Introduction to {Tensor} {Analysis} and the {Calculus} of {Moving} {Surfaces}},
	isbn = {9781461478669 9781461478676},
	url = {http://link.springer.com/10.1007/978-1-4614-7867-6},
	language = {en},
	urldate = {2022-10-28},
	publisher = {Springer},
	author = {Grinfeld, Pavel},
	year = {2013},
	doi = {10.1007/978-1-4614-7867-6},
	keywords = {Euclidean spaces, Gauss's theorem, covariant differentiation, differential geometry, matrix theory, tensor calculus},
}

@book{pressley_elementary_2010,
	address = {London},
	series = {Springer {Undergraduate} {Mathematics} {Series}},
	title = {Elementary {Differential} {Geometry}},
	isbn = {9781848828902 9781848828919},
	url = {http://link.springer.com/10.1007/978-1-84882-891-9},
	urldate = {2022-10-26},
	publisher = {Springer London},
	author = {Pressley, Andrew},
	year = {2010},
	doi = {10.1007/978-1-84882-891-9},
}


@article{atiyah_index_1963,
	title = {The index of elliptic operators on compact manifolds},
	volume = {69},
	issn = {0273-0979, 1088-9485},
	url = {https://www.ams.org/bull/1963-69-03/S0002-9904-1963-10957-X/},
	doi = {10.1090/S0002-9904-1963-10957-X},
	language = {en},
	number = {3},
	urldate = {2022-10-07},
	journal = {Bulletin of the American Mathematical Society},
	author = {Atiyah, M. F. and Singer, I. M.},
	year = {1963},
	pages = {422--433},
}


@book{orourke_computational_1994,
	address = {Cambridge ; New York},
	title = {Computational geometry in {C}},
	isbn = {9780521440349 9780521445924},
	publisher = {Cambridge University Press},
	author = {O'Rourke, Joseph},
	year = {1994},
	keywords = {C (Computer program language), Data processing, Geometry},
}

@article{chen_digital_2010,
	title = {Digital topological method for computing genus and the {Betti} numbers},
	volume = {157},
	issn = {01668641},
	url = {https://linkinghub.elsevier.com/retrieve/pii/S016686411000115X},
	doi = {10.1016/j.topol.2010.04.006},
	language = {en},
	number = {12},
	urldate = {2022-10-07},
	journal = {Topology and its Applications},
	author = {Chen, Li and Rong, Yongwu},
	month = aug,
	year = {2010},
	pages = {1931--1936},
}




@book{Marks,
author = {Berg, Mark de and Cheong, Otfried and Kreveld, Marc van and Overmars, Mark},
title = {Computational Geometry: Algorithms and Applications},
year = {2008},
publisher = {Springer-Verlag},
address = {Santa Clara, CA, USA},
edition = {3rd}
}


@article{tirado-physics-apps,
  title = {Gauss-Bonnet, S'il Vous Pla\^{i}t},
  author = {Tirado, Frances},
  journal = {Nebraska Conference for Undergraduate Women in Mathematics},
  note = {Undergraduate Thesis},
  year = {2010},
  volume ={},
  pages ={}
}

@article{alliez-2002,
  title = {Interactive Geometry Remeshing},
  author = {Alliez, Pierre and  Meyer, Mark and Desbrun, Mathieu},
  journal = {ACM Trans. on Graph.},
  year = {2002},
  volume = {21(3)},
  pages = {347-354}
}


@article{deltahedron,
  title = {Two results in discrete geometry},
  author = {Fushida-Hardy, Shintaro},
  year = {Retrieved 7 August 2022.},
  url = {https://stanford.edu/~sfh/discrete_geo.pdf}
}


@article{gertsen-short-1990,
  title = {Small cancellation theory and automatic groups},
  author = {Bersten, Steve M. and Short, Hamish B},
  journal = {Invent. Math.},
  year = {1990},
  volume = {102},
  pages = {305-334}
}



@article{erickson-whittlesey-2013,
  title = {Transforming curves on surfaces redux},
  author = {Erickson, Jeff and Whittlesey, Kim},
  journal = {24th ACM Symp, on Disc. Algo.},
  year = {2013},
  pages = {1646-1655}
}


@article{erickson-lecture,
  title = {Homotopy Testing on Surfaces},
  author = {Erickson, Jeff},
  year = {Retrieved 5 August 2022.},
  note = {Video Lecture 21},
  url = {https://mediaspace.illinois.edu\/playlist\/dedicated\/1777664\/1_suxcy9bc/1_pxfmm5iz}
}



@article{remeshing-2003,
  title = {Anisotropic Polygonal Remeshing},
  author = {Alliez, Pierre and Cohen-Steiner, Davidi and Devillers, Olivier
  and L{\'e}vy, Bruno and Desbrun, Mathieu},
  journal = {ACM Trans. Graph.},
  year = {2003}, 
  volume = {22},
  number = {3},
  pages = {485–493}
 }

@article{tetra-bounds-c-s-1994,
  title = {Bounds on the Size of Tetrahedralizations},
  author = {Chazelle, Bernard and Shouraboura, Nadia},
  journal = {10th ACM Symp. on Comput. Geom.},
  year = {1994},
  pages = {205-219}
}

@article{chazelle-lower-1984,
  title = {Convex partitions of polyhedra: A Lower Bound and Worst-Case Optimal Algorithm},
  author = {Chazelle, Bernard},
  journal = {SIAM Jour. on Comp.},
  year = {1984},
  volume = {13},
  pages = {488-507}
}

@article{triangulating-polytope-1990,
	author = {Chazell, Bernard and Palios, Leonidas},
	Journal = {Disc. \& Comp. Geom.},
	Number = {5},
	Pages = {505--526},
	Title = {Triangulating a nonconvex polytope},
	Volume = {5},
	Year = {1990}
	}


@article{simplify-mesh-1999,
author={Heckbert, Paul S. and Garland, Michael},
title={Optimal Triangulations and Quadric-Based Surface Simplification},
year={1999},
publisher={Journal of Computational Geometry: Theory and Applications},
pages={49--65},
}


@inproceedings{mmsb-2003,
author={Meyer, Mark
and Desbrun, Mathieu
and Schr{\"o}der, Peter
and Barr, Alan H.},
title={Discrete Differential-Geometry Operators for Triangulated 2-Manifolds},
booktitle={Visualization and Mathematics III. Mathematics and Visualization},
year={2003},
publisher={Springer Berlin Heidelberg},
pages={35--57},
}



@inproceedings{Crane:2013,
                  author = {Crane, Keenan and  de Goes, Fernando and  Desbrun, Mathieu and Schröder, Peter},
                  title = {Digital Geometry Processing with Discrete Exterior Calculus},
                  series = {SIGGRAPH '13},
                  year = {2013},
                  location = {Anaheim, California},
                  numpages = {126},
                  publisher = {ACM},
                  address = {New York, NY, USA},
                  }


@book{doc76,
  author = {do Carmo, Manfredo P.},
  isbn = {978-0-13-212589-5},
  pages = {I-VIII, 1-503},
  publisher = {Prentice Hall},
  title = {Differential geometry of curves and surfaces},
  year = 1976
}

@book{jm08,
  author = {Matou{\u s}ek,  Ji{\u r}{\'  i}},
  isbn = {978-3-540-00362-5},
  pages = {I-xii, 1-210},
  publisher = {Springer},
  series = {Universitext},
  title = {Using the borsuk-ulam theorem},
  year = 2008
}

@book{munkres,
  author = {Munkres, James  R.},
  isbn = {978-1-292-02362-5},
  edition = {second},
  pages = {1-537},
  publisher = {Pearson},
  title = {Topology},
  year = 2000
}

@book{tu2011,
  author = {Tu, Loring W.},
  isbn = {978-1441973993},
  edition = {second},
  pages = {I-xviii, 1-410},
  publisher = {Springer},
  series = {Universitext},
  title = {An Introduction to Manifolds},
  year = 2011
}

@article{eppstein-proofs,
  title = {Twenty-one proofs of Euler's Formula},
  author = {Eppstein, David},
  year = {Retrieved 25 June 2022.},
  note = {https://www.ics.uci.edu/~eppstein/junkyard/euler/}
}

@article{upadhyay2015,
  title = {Gauss-Bonnet for Discrete  Surfaces},
  author = {Upadhyay, Sohini},
  year = {2015},
  journal = {University of  Chicago Mathematics REU}
}

@book{thurston,
  title = {The Geometry and Topology  of Three-Dimensional Manifolds},
  author = {Thurston, Willam P},
  volume =  {1},
  year = {1997},
  publisher = {Princeton University Press}
}

@article{riley-faster-norm-2017,
  title = {Computing area in presentations of the trivial group},
  author = {Timothy Riley},
  year = {2017},
  journal = {Proceedings of the American Mathematical Society},
  volume = {145},
  number = {12},
  pages = {5059--5069}
}


@article{folding-1980,
  title = {Fast algorithm for predicting the secondary structure of single-stranded RNA},
  author = {Nussinov, Ruth and Jacobson, Ann B.},
  year = {1980},
  journal = {Proceedings of the National Academy of Sciences of the United States of America},
  volume = {77},
  number = {11},
  pages = {6309--6313}
}


@article{tou-stsps-1989,
  title = {On separating two simple polygons by a single translation},
  author = {Toussaint, G.},
  year = {1989},
  month = jun,
  journal = {Discrete \& Computational Geometry},
  volume = {4},
  number = {3},
  pages = {265--278},
  issn = {0179-5376, 1432-0444},
  doi = {10.1007/BF02187729}
}


@article{whitney1937,
	author={Whitney, Hassler}, 
	title={On regular closed curves in the plane},
	number={4}, 
	journal={Compositio Math.}, 
	year={1937}, 
	pages={276–284}
}


@article{lickorish1964,
	author={Lickorish, W. B. R.}, 
	 title={A finite set of generators for the homeotopy group of a 2-manifold},
	  volume={60},
	  number={4}, 
	  journal={Proc. Cambridge Philos. Soc.}, 
	  year={1964}, 
	  pages={769–778}
}



@misc{martelli2016,
      title={An Introduction to Geometric Topology}, 
      author={Bruno Martelli},
      year={2016},
      eprint={arXiv:1610.02592}
}



@book{primer,
author = {Benson Farb and Dan Margalit},
title = {A Primer on Mapping Class Groups},
year = {2011},
publisher = {Princeton University Press},
}



@article{cancellation-norm-def,
   title={THE CANCELLATION NORM AND THE GEOMETRY OF BI-INVARIANT WORD METRICS},
   journal={Glasgow Mathematical Journal},
   author={Brandenbursky, Michael and Gal, \'{S}wiatos\l{L}aw and K\c{e}dra, Jarek and 
   Marcinkowski, Micha\l{l}},
   year={2015},
   pages={153–176}
}



@article{akw2003,
  title = {Comparison of distance measures for planar curves},
  author = {Alt, Helmut and Knauer, Christian and Wenk, Carola},
  year = {2003},
  month = oct,
  journal = {Algorithmica},
  volume = {38},
  pages = {45--58}
}

@article{balaban,
  title = {An optimal algorithm for finding segments intersections},
  author = {Balaban, Ivan J.},
  year = {1995},
  journal = {11th AMC Symp. on Comput. Geom.},
  series = {{{SCG}} '95},
  pages = {211--219},
  publisher = {{ACM}},
  address = {{New York, NY, USA}},
  location = {Vancouver, British Columbia, Canada},
  acmid = {220302},
  isbn = {0-89791-724-3}
}

@phdthesis{bla-eirhc-1967,
  title = {Extending {{Immersions}} and {{Regular Homotopies}} in {{Codimension}} 1},
  author = {Blank, Samuel Joel},
  year = {1967},
  month = may
}

@phdthesis{blank,
  title = {Extending immersions and regular homotopies in codimension 1},
  author = {Blank, Samual Joel},
  year = {1967},
  school = {Brandeis University}
}

@article{braden,
  title = {The surveyor's area formula},
  author = {Braden, Bart},
  year = {1986},
  journal = {The College Mathematics Journal},
  volume = {17},
  number = {4},
  pages = {326--337}
}

@inproceedings{Buchin07howdifficult,
  title = {How difficult is it to walk the dog?},
  booktitle = {23rd european workshop on comput. {{Geom}}.},
  author = {Buchin, Kevin and Buchin, Maike and Knauer, Christian and Rote, G{\"u}nter and Wenk, Carola},
  year = {2007},
  pages = {170--173}
}

@article{cdMo17,
  title = {On the complexity of optimal homotopies},
  author = {Chambers, Erin and {de Mesmay}, Arnaud and Ophelders, Tim},
  year = {2018},
  journal = {29th ACM-SIAM Symp. Discrete Algorithms},
  pages = {1121--1134}
}

@book{cgal,
  title = {{{CGAL}} arrangements and their applications: {{A}} step-by-step guide},
  author = {Fogel, Efi and Halperin, Dan and Wein, Ron},
  year = {2012},
  publisher = {{Springer}}
}

@article{changErickson17,
  title = {Untangling planar curves},
  author = {Chang, Hsien-Chih and Erickson, Jeff},
  year = {2017},
  journal = {J. Discrete Comput. Geom.},
  volume = {58:889}
}

@book{chinn-steenrod,
  title = {First concepts of topology},
  author = {Chinn, William and Steenrod, Norman},
  year = {1966},
  publisher = {{Mathematical Association of America}}
}

@book{clrs,
  title = {Introduction to algorithms},
  author = {Cormen, Thomas and Leiserson, Charles and Rivest, Ronald and Stein, Clifford},
  year = {2009},
  edition = {Third},
  publisher = {{The MIT Press}}
}

@article{cv-cmah-2014,
  title = {Computing minimum area homologies},
  author = {Chambers, Erin Wolf and {Vejdemo-Johansson}, Mikael},
  year = {2014},
  month = oct,
  journal = {arXiv:1410.2320 [cs, math]},
  eprint = {1410.2320},
  eprinttype = {arxiv},
  primaryclass = {cs, math},
  url = {http://arxiv.org/abs/1410.2320},
  urldate = {2018-08-20},
  archiveprefix = {arXiv},
  keywords = {Computer Science - Computational Geometry,Computer Science - Graphics,Mathematics - Algebraic Topology}
}

@inproceedings{cw-msc2h-2013,
  title = {Measuring {{Similarity Between Curves}} on 2-manifolds via {{Homotopy Area}}},
  booktitle = {Proceedings of the {{Twenty}}-ninth {{Annual Symposium}} on {{Computational Geometry}}},
  author = {Chambers, Erin Wolf and Wang, Yusu},
  year = {2013},
  series = {{{SoCG}} '13},
  pages = {425--434},
  publisher = {{ACM}},
  address = {{New York, NY, USA}},
  doi = {10.1145/2462356.2462375},
  isbn = {978-1-4503-2031-3},
  keywords = {computational topology,homotopy,similarity measures for curves}
}

@article{cw2013,
  title = {Measuring similarity between curves on 2-manifolds via homotopy area},
  author = {Chambers, Erin and Wang, Yusu},
  year = {2013},
  journal = {29th ACM Symp. on Comput. Geom.},
  pages = {425--434}
}

@book{diestel,
  title = {Graph theory},
  author = {Diestel, Reinhard},
  year = {2012},
  series = {Graduate texts in mathematics},
  volume = {173},
  publisher = {{Springer}}
}

@article{em-scr-2008,
  title = {Self-overlapping {{Curves Revisited}}},
  author = {Eppstein, David and Mumford, Elena},
  year = {2008},
  month = jun,
  journal = {arXiv:0806.1724 [cs]},
  eprint = {0806.1724},
  eprinttype = {arxiv},
  primaryclass = {cs},
  url = {http://arxiv.org/abs/0806.1724},
  urldate = {2019-09-13},
  archiveprefix = {arXiv},
  keywords = {Computer Science - Computational Geometry}
}

@article{eppsteinMumford,
  title = {Self-overlapping curves revisited},
  author = {Eppstein, David and Mumford, Elena},
  year = {2009},
  journal = {20th ACM-SIAM Symp. Discrete Algorithms},
  pages = {160--169}
}

@article{erickson-note,
  title = {Computational topology lecture notes},
  author = {Erickson, Jeff},
  year = {2020}
}

@phdthesis{evans18,
  title = {On {{Self}}-{{Overlapping Curves}}, {{Interior Boundaries}}, and {{Minimum Area Homotopies}}},
  author = {Evans, Parker},
  year = {2018},
  school = {Tulane University}
}

@article{evansFasyWenk,
  title = {Combinatorial properties of self-overlapping curves and interior boundaries},
  author = {Evans, Parker and Fasy, Brittany Terese and Wenk, Carola},
  year = {2020},
  journal = {36th ACM Symp. on Comput. Geom.}
}

@article{ew-cpsci-2020,
  title = {Combinatorial {{Properties}} of {{Self}}-{{Overlapping Curves}} and {{Interior Boundaries}}},
  author = {Evans, Parker and Wenk, Carola},
  year = {2020},
  month = mar,
  journal = {arXiv:2003.13595 [cs]},
  eprint = {2003.13595},
  eprinttype = {arxiv},
  primaryclass = {cs},
  url = {http://arxiv.org/abs/2003.13595},
  urldate = {2020-03-31},
  archiveprefix = {arXiv},
  keywords = {Computer Science - Computational Geometry}
}

@unpublished{ew-cpscm-2019,
  type = {In submission},
  title = {Combinatorial {{Properties}} of {{Self}}-{{Overlapping Curves Through Minimum Homotopy Area}}},
  author = {Evans, Parker and Wenk, Carola},
  year = {2019}
}

@article{fkw-mahnc-2017,
  title = {On {{Minimum Area Homotopies}} of {{Normal Curves}} in the {{Plane}}},
  author = {Fasy, Brittany Terese and Karakoc, Selcuk and Wenk, Carola},
  year = {2017},
  month = jul,
  journal = {arXiv:1707.02251 [math]},
  eprint = {1707.02251},
  eprinttype = {arxiv},
  primaryclass = {math},
  url = {http://arxiv.org/abs/1707.02251},
  urldate = {2018-08-20},
  archiveprefix = {arXiv},
  keywords = {Mathematics - Algebraic Topology}
}

@unpublished{fkw2017,
  title = {On minimum area homotopies of normal curves in the plane},
  author = {Fasy, Brittany Terese and Karako{\c c}, Sel{\c c}uk and Wenk, Carola},
    url = {http://arxiv.org/abs/1707.02251},
  year = {2017}
}

@inproceedings{fri-ciwab-2010,
  title = {Classification of {{Immersions}} which are {{Bounded}} by {{Curves}} in {{Surfaces}}},
  author = {Frisch, Dennis},
  year = {2010},
  keywords = {Immersion Investigative Technique}
}

@article{fri-eis-2010,
  title = {Extending {{Immersions}} into the {{Sphere}}},
  author = {Frisch, Dennis},
  year = {2010},
  month = dec,
  journal = {arXiv:1012.4923 [math]},
  eprint = {1012.4923},
  eprinttype = {arxiv},
  primaryclass = {math},
  url = {http://arxiv.org/abs/1012.4923},
  urldate = {2019-09-27},
  archiveprefix = {arXiv},
  keywords = {Mathematics - Differential Geometry,Mathematics - Geometric Topology}
}

@unpublished{frisch10,
  title = {Extending immersions into the sphere},
  author = {{Dennis Frisch}},
    url = {http://arxiv.org/abs/1012.4923},
  year = {2010}
}

@article{gauss,
  title = {Nachlass. {{I}}. {{Zur}} geometria situs},
  author = {Gauss, Carl Friedrich},
  year = {1900},
  journal = {Werke},
  volume = {vol. 8, 271\textendash 281}
}

@article{gc-wdcbd-2011,
  title = {When {{Does}} a {{Curve Bound}} a {{Distorted Disk}}?},
  author = {Graver, Jack E. and Cargo, Gerald T.},
  year = {2011},
  month = jan,
  journal = {SIAM Journal on Discrete Mathematics},
  volume = {25},
  number = {1},
  pages = {280--305},
  issn = {0895-4801, 1095-7146},
  doi = {10.1137/090767716}
}

@book{godsil-royle,
  title = {Algebraic graph theory},
  author = {Godsil, Chris and Royle, Gordon},
  year = {2001},
  series = {Graduate texts in mathematics},
  volume = {207},
  publisher = {{Springer}}
}

@book{hatcher,
  title = {Algebraic topology},
  author = {Hatcher, Allen},
  year = {2002},
  publisher = {{Cambridge University Press}}
}

@article{loe-tccio-1948,
  title = {A {{Topological Characterization}} of a {{Class}} of {{Integral Operators}}},
  author = {Loewner, Charles},
  year = {1948},
  month = apr,
  journal = {The Annals of Mathematics},
  volume = {49},
  number = {2},
  pages = {316},
  issn = {0003486X},
  doi = {10.2307/1969280}
}

@article{maclane,
  title = {A combinatorial condition of planar graphs},
  author = {MacLane, Saunders},
  year = {1937},
  journal = {Fundamenta Mathematicae},
  volume = {28},
  pages = {22--32}
}

@article{mar-ensr-,
  title = {{{EXTENSIONSOF NORMALIMMERSIONOSF S1 INTO R2}}},
  author = {Marx, Morrisl},
  pages = {18}
}

@article{marx74,
  title = {Extensions of normal immersions of {{S}}{$^1$} into {{R}}},
  author = {Marx, Morris L.},
  year = {1974},
  journal = {Transactions of the American Mathematical Society},
  pages = {309--326}
}

@book{metric-use,
  title = {Data mining and machine learning: fundamental concepts and algorithms},
  author = {Zaki, Mohammed and {Wagner, Meira}},
  year = {2020},
  publisher = {{Cambridge University Press}}
}

@inproceedings{mpst-adpuh-2011,
  title = {Approximate {{Dynamic Programming}} using {{Halfspace Queries}} and {{Multiscale Monge Decomposition}}},
  booktitle = {Proceedings of the {{Twenty}}-{{Second Annual ACM}}-{{SIAM Symposium}} on {{Discrete Algorithms}}},
  author = {Miller, Gary L. and Peng, Richard and Schwartz, Russell and Tsourakakis, Charalampos},
  year = {2011},
  month = jan,
  pages = {1675--1682},
  publisher = {{Society for Industrial and Applied Mathematics}},
  doi = {10.1137/1.9781611973082.129},
  isbn = {978-0-89871-993-2 978-1-61197-308-2}
}

@article{muk-scaa-2014,
  title = {Self-overlapping curves: {{Analysis}} and applications},
  shorttitle = {Self-overlapping curves},
  author = {Mukherjee, Uddipan},
  year = {2014},
  month = jan,
  journal = {Computer-Aided Design},
  volume = {46},
  pages = {227--232},
  issn = {00104485},
  doi = {10.1016/j.cad.2013.08.037}
}

@article{mukherjee2014,
  title = {Self-overlapping curves: {{Analysis}} and applications},
  author = {Mukherjee, Uddipan},
  year = {2014},
  journal = {Computer-Aided Design},
  volume = {40},
  pages = {227--232}
}

@unpublished{nie-emails,
  title = {Private correspondence},
  author = {Nie, Zipei},
  year = {2016}
}

@article{nie-manhc-2014a,
  title = {On the {{Minimum Area}} of {{Null Homotopies}} of {{Curves Traced Twice}}},
  author = {Nie, Zipei},
  year = {2014},
  month = nov,
  journal = {arXiv:1412.0101 [math]},
  eprint = {1412.0101},
  eprinttype = {arxiv},
  primaryclass = {math},
  url = {http://arxiv.org/abs/1412.0101},
  urldate = {2018-08-20},
  archiveprefix = {arXiv},
  keywords = {Mathematics - Geometric Topology,Mathematics - Group Theory}
}

@unpublished{nie2014,
  title = {On the minimum area of null homotopies of curves traced twice},
  author = {{Zipei Nie}},
    url = {http://arxiv.org/abs/1412.0101},
  year = {2014}
}

@article{no-magic-leash,
  title = {How to walk your dog in the mountains with no magic leash},
  author = {{Har-Peled}, Sariel and Nayyeri, Amir and Salavatipour, Mohammad and Sidiropoulos, Anastasios},
  year = {2016},
  journal = {J. Discrete Comput. Geom.},
  pages = {39--73}
}

@article{O-frechet,
  title = {Computing the fr\'echet distance between two polygonal curves},
  author = {Alt, Helmut and Godau, Michael},
  year = {1995},
  month = mar,
  journal = {International Journal of Computational Geometry \& Applications},
  volume = {5},
  pages = {75--91}
}

@phdthesis{par-scibm-2018,
  title = {On {{Self}}-{{Overlapping Curves}}, {{Interior Boundaries}}, and {{Minimum Area Homotopies}}},
  author = {Parker, Evans},
  year = {2018},
  month = may,
  url = {https://www.cs.tulane.edu/~carola/research/HonorsThesis_parkerEvans.pdf},
  urldate = {2019-08-26}
}

@article{phillips-tang,
  title = {Sketched {{MinDist}}},
  author = {Phillips, Jeff M. and Tang, Pingfan},
  year = {2020},
  journal = {36th ACM Symp. on Comput. Geom.},
  pages = {63:1-63:16}
}

@book{plateau,
  title = {Recherches exp\'erimentales et th\'eoriques sur les figures d'\'equilibre d'une masse liquide sans pesanteur},
  author = {Plateau, Joseph},
  year = {1849},
  volume = {29},
  publisher = {{Mem. Acad. Roy. Belgique}}
}

@book{plateau-history,
  title = {Plateau's problem; an invitation to varifold geometry},
  author = {Almgren, Frederick},
  year = {1966},
  publisher = {{New York, W.A. Benjamin}}
}

@article{poe-eic1-1968,
  title = {Extension des immersions en codimension 1 (d'apr\`es {{Samuel Blank}})},
  author = {Po{\'e}naru, Valentin},
  year = {1968},
  journal = {S\'eminaire N. Bourbaki (1966\textendash 1968)},
  number = {342},
  pages = {473--505}
}

@article{rap-mhrfu-2019,
  title = {{{MINIMAL HOMOTOPIES AND ROBUST FEASIBILITY USING TOPOLOGICAL DEGREE THEORY}}},
  author = {Rapone, Benjamin Joseph},
  year = {2019},
  pages = {101}
}

@article{shor-van-wyk,
  title = {Detecting and decomposing self-overlapping curves},
  author = {Shor, Peter and Van Wyk, Christopher},
  year = {1992},
  journal = {Comput. Geom.: Theory and Applications II},
  pages = {31--50}
}

@article{so-graphics,
  title = {Immersion of self-intersecting solids and surfaces},
  author = {Li, Yijing and Barbi{\v c}, Jernej},
  year = {2018},
  journal = {ACM Transactions on Graphics},
  pages = {1--14}
}

@article{sw-ddsc-1992,
  title = {Detecting and decomposing self-overlapping curves},
  author = {Shor, Peter W and Wyk, J Van},
  year = {1992},
  month = aug,
  journal = {Computational Geometry},
  volume = {2},
  number = {1},
  pages = {31--50}
}

@article{titus,
  title = {The combinatorial topology of analytic functions on the boundary of a disk},
  author = {Titus, Charles J.},
  year = {1961},
  journal = {Acta Mathematica},
  pages = {106(1-2):45-64}
}

@article{veblen,
  title = {An application of modular equations in analysis situs},
  author = {Veblen, Oswald},
  year = {1912},
  journal = {Annals of Mathematics},
  volume = {14},
  number = {1},
  pages = {86--94}
}

@unpublished{vonstaudt,
  title = {Geometrie der lage},
  author = {Staudt, G. K. C. Von},
  year = {1847}
}

@article{zha-esis-2018,
  title = {The extending surfaces of immersions into surfaces},
  author = {Zhao, Bojun},
  year = {2018},
  month = dec,
  journal = {arXiv:1812.06245 [math]},
  eprint = {1812.06245},
  eprinttype = {arxiv},
  primaryclass = {math},
  url = {http://arxiv.org/abs/1812.06245},
  urldate = {2019-09-13},
  archiveprefix = {arXiv},
  keywords = {Mathematics - Geometric Topology}
}

@misc{leitner2022invitation,
  title={An Invitation to Coarse Groups},
  author={Leitner, Arielle and Vigolo, Federico},
  note={arXiv preprint arXiv:2203.08591},
  year={2022}
}
